@misc{Layersof6online,
author = {},
title = {Layers of a Convolutional Neural Network - Convolutional Neural Networks for Image and Video Processing - TUM Wiki},
howpublished = {\url{https://wiki.tum.de/display/lfdv/Layers+of+a+Convolutional+Neural+Network/}},
month = {},
year = {},
note = {(Accessed on 05/10/2020)}
}
@misc{Computed66online,
author = {},
title = {Computed Tomography (CT)},
howpublished = {\url{https://www.radiologyinfo.org/en/submenu.cfm?pg=ctscan}},
month = {},
year = {},
note = {(Accessed on 05/01/2020)}
}
@misc{ImageMag68online,
author = {},
title = {ImageMagick - Convert, Edit, or Compose Bitmap Images},
howpublished = {\url{https://imagemagick.org/index.php}},
month = {},
year = {},
note = {(Accessed on 06/06/2020)}
}
@article{hubel1968receptive,
  title={Receptive fields and functional architecture of monkey striate cortex},
  author={Hubel, David H and Wiesel, Torsten N},
  journal={The Journal of physiology},
  volume={195},
  number={1},
  pages={215--243},
  year={1968},
  publisher={Wiley Online Library}
}
@inproceedings{lecun1988theoretical,
  title={A theoretical framework for back-propagation},
  author={LeCun, Yann and Touresky, D and Hinton, G and Sejnowski, T},
  booktitle={Proceedings of the 1988 connectionist models summer school},
  volume={1},
  pages={21--28},
  year={1988},
  organization={CMU, Pittsburgh, Pa: Morgan Kaufmann}
}
@article{hill1994artificial,
  title={Artificial neural network models for forecasting and decision making},
  author={Hill, Tim and Marquez, Leorey and O'Connor, Marcus and Remus, William},
  journal={International journal of forecasting},
  volume={10},
  number={1},
  pages={5--15},
  year={1994},
  publisher={Elsevier}
}
@article{udupa1996fuzzy,
  title={Fuzzy connectedness and object definition: theory, algorithms, and applications in image segmentation},
  author={Udupa, Jayaram K and Samarasekera, Supun},
  journal={Graphical models and image processing},
  volume={58},
  number={3},
  pages={246--261},
  year={1996},
  publisher={Elsevier}
}
@article{breiman1996bagging,
  title={Bagging predictors},
  author={Breiman, Leo},
  journal={Machine learning},
  volume={24},
  number={2},
  pages={123--140},
  year={1996},
  publisher={Springer}
}
@inproceedings{lowe1999object,
  title={Object recognition from local scale-invariant features.},
  author={Lowe, David G and others},
  booktitle={iccv},
  volume={99},
  number={2},
  pages={1150--1157},
  year={1999}
}
@article{jerant2000early,
  title={Early detection and treatment of skin cancer.},
  author={Jerant, Anthony F and Johnson, Jennifer T and Demastes Sheridan, Catherine and Caffrey, Timothy J},
  journal={American family physician},
  volume={62},
  number={2},
  year={2000}
}
@article{vese2002multiphase,
  title={A multiphase level set framework for image segmentation using the Mumford and Shah model},
  author={Vese, Luminita A and Chan, Tony F},
  journal={International journal of computer vision},
  volume={50},
  number={3},
  pages={271--293},
  year={2002},
  publisher={Springer}
}
@article{feit2004melanomas,
  title={Melanomas detected with the aid of total cutaneous photography},
  author={Feit, Neal E and Dusza, Stephen W and Marghoob, Ashfaq A},
  journal={British Journal of Dermatology},
  volume={150},
  number={4},
  pages={706--714},
  year={2004},
  publisher={Wiley Online Library}
}
@inproceedings{dalal2005histograms,
  title={Histograms of oriented gradients for human detection},
  author={Dalal, Navneet and Triggs, Bill},
  year={2005}
}
@article{gerger2005diagnostic,
  title={Diagnostic applicability of in vivo confocal laser scanning microscopy in melanocytic skin tumors},
  author={Gerger, Armin and Koller, Silvia and Kern, Thomas and Massone, Cesare and Steiger, Karin and Richtig, Erika and Kerl, Helmut and Smolle, Josef},
  journal={Journal of Investigative Dermatology},
  volume={124},
  number={3},
  pages={493--498},
  year={2005},
  publisher={Elsevier}
}
@book{oliphant2006guide,
  title={A guide to NumPy},
  author={Oliphant, Travis E},
  volume={1},
  year={2006},
  publisher={Trelgol Publishing USA}
}
@inproceedings{dhawan2009multispectral,
  title={Multispectral optical imaging of skin-lesions for detection of malignant melanomas},
  author={Dhawan, Atam P and D'Alessandro, Brian and Patwardhan, Sachin and Mullani, Nizar},
  booktitle={2009 Annual International Conference of the IEEE Engineering in Medicine and Biology Society},
  pages={5352--5355},
  year={2009},
  organization={IEEE}
}
@incollection{bottou2010large,
  title={Large-scale machine learning with stochastic gradient descent},
  author={Bottou, L{\'e}on},
  booktitle={Proceedings of COMPSTAT'2010},
  pages={177--186},
  year={2010},
  publisher={Springer}
}
@article{lovblad2010mr,
  title={MR imaging in multiple sclerosis: review and recommendations for current practice},
  author={L{\"o}vblad, K-O and Anzalone, N and D{\"o}rfler, A and Essig, M and Hurwitz, B and Kappos, L and Lee, S-K and Filippi, M},
  journal={American journal of neuroradiology},
  volume={31},
  number={6},
  pages={983--989},
  year={2010},
  publisher={Am Soc Neuroradiology}
}
@article{wang2011modified,
  title={Modified watershed technique and post-processing for segmentation of skin lesions in dermoscopy images},
  author={Wang, Hanzheng and Moss, Randy H and Chen, Xiaohe and Stanley, R Joe and Stoecker, William V and Celebi, M Emre and Malters, Joseph M and Grichnik, James M and Marghoob, Ashfaq A and Rabinovitz, Harold S and others},
  journal={Computerized Medical Imaging and Graphics},
  volume={35},
  number={2},
  pages={116--120},
  year={2011},
  publisher={Elsevier}
}
@inproceedings{krizhevsky2012imagenet,
  title={Imagenet classification with deep convolutional neural networks},
  author={Krizhevsky, Alex and Sutskever, Ilya and Hinton, Geoffrey E},
  booktitle={Advances in neural information processing systems},
  pages={1097--1105},
  year={2012}
}
@article{mehmood2013prioritization,
  title={Prioritization of brain MRI volumes using medical image perception model and tumor region segmentation},
  author={Mehmood, Irfan and Ejaz, Naveed and Sajjad, Muhammad and Baik, Sung Wook},
  journal={Computers in biology and medicine},
  volume={43},
  number={10},
  pages={1471--1483},
  year={2013},
  publisher={Elsevier}
}
@article{sahuquillo2013study,
  title={The study of deep brain structures by transcranial duplex sonography and imaging resonance correlation},
  author={Sahuquillo, Patricia and Tembl, Jose Ignacio and Parkhutik, Vera and V{\'a}zquez, Juan Francisco and Sastre, Isabel and Lago, Aida},
  journal={Ultrasound in medicine \& biology},
  volume={39},
  number={2},
  pages={226--232},
  year={2013},
  publisher={Elsevier}
}
@article{srivastava2014dropout,
  title={Dropout: a simple way to prevent neural networks from overfitting},
  author={Srivastava, Nitish and Hinton, Geoffrey and Krizhevsky, Alex and Sutskever, Ilya and Salakhutdinov, Ruslan},
  journal={The journal of machine learning research},
  volume={15},
  number={1},
  pages={1929--1958},
  year={2014},
  publisher={JMLR. org}
}
@inproceedings{goodfellow2014generative,
  title={Generative adversarial nets},
  author={Goodfellow, Ian and Pouget-Abadie, Jean and Mirza, Mehdi and Xu, Bing and Warde-Farley, David and Ozair, Sherjil and Courville, Aaron and Bengio, Yoshua},
  booktitle={Advances in neural information processing systems},
  pages={2672--2680},
  year={2014}
}
@article{simonyan2014very,
  title={Very deep convolutional networks for large-scale image recognition},
  author={Simonyan, Karen and Zisserman, Andrew},
  journal={arXiv preprint arXiv:1409.1556},
  year={2014}
}
@misc{szegedy2014going,
  title={Going deeper with convolutions. CoRR, vol. abs/1409.4842},
  author={Szegedy, C and Liu, W and Jia, Y and Sermanet, P and Reed, SE and Anguelov, D and Erhan, D and Vanhoucke, V and Rabinovich, A},
  year={2014}
}
@article{abadi2015tensorflow,
  title={TensorFlow: Large-scale machine learning on heterogeneous systems},
  author={Abadi, Mart{\'\i}n and Agarwal, Ashish and Barham, Paul and Brevdo, Eugene and Chen, Zhifeng and Citro, Craig and Corrado, Greg S and Davis, Andy and Dean, Jeffrey and Devin, Matthieu and others},
  year={2015}
}
@misc{chollet2015,
  title={et al. 2015. Keras},
  author={Chollet, F}
}
@article{kasban2015comparative,
  title={A comparative study of medical imaging techniques},
  author={Kasban, Hany and El-Bendary, MAM and Salama, DH},
  journal={International Journal of Information Science and Intelligent Systems},
  volume={4},
  number={2},
  pages={37--58},
  year={2015}
}
@inproceedings{ronneberger2015u,
  title={U-net: Convolutional networks for biomedical image segmentation},
  author={Ronneberger, Olaf and Fischer, Philipp and Brox, Thomas},
  booktitle={International Conference on Medical image computing and computer-assisted intervention},
  pages={234--241},
  year={2015},
  organization={Springer}
}
@inproceedings{long2015fully,
  title={Fully convolutional networks for semantic segmentation},
  author={Long, Jonathan and Shelhamer, Evan and Darrell, Trevor},
  booktitle={Proceedings of the IEEE conference on computer vision and pattern recognition},
  pages={3431--3440},
  year={2015}
}
@inproceedings{szegedy2015going,
  title={Going deeper with convolutions},
  author={Szegedy, Christian and Liu, Wei and Jia, Yangqing and Sermanet, Pierre and Reed, Scott and Anguelov, Dragomir and Erhan, Dumitru and Vanhoucke, Vincent and Rabinovich, Andrew},
  booktitle={Proceedings of the IEEE conference on computer vision and pattern recognition},
  pages={1--9},
  year={2015}
}
@article{luc2016semantic,
  title={Semantic segmentation using adversarial networks},
  author={Luc, Pauline and Couprie, Camille and Chintala, Soumith and Verbeek, Jakob},
  journal={arXiv preprint arXiv:1611.08408},
  year={2016}
}
@article{gulshan2016development,
  title={Development and validation of a deep learning algorithm for detection of diabetic retinopathy in retinal fundus photographs},
  author={Gulshan, Varun and Peng, Lily and Coram, Marc and Stumpe, Martin C and Wu, Derek and Narayanaswamy, Arunachalam and Venugopalan, Subhashini and Widner, Kasumi and Madams, Tom and Cuadros, Jorge and others},
  journal={Jama},
  volume={316},
  number={22},
  pages={2402--2410},
  year={2016},
  publisher={American Medical Association}
}
@article{icsin2016review,
  title={Review of MRI-based brain tumor image segmentation using deep learning methods},
  author={I{\c{s}}{\i}n, Ali and Direko{\u{g}}lu, Cem and {\c{S}}ah, Melike},
  journal={Procedia Computer Science},
  volume={102},
  pages={317--324},
  year={2016},
  publisher={Elsevier}
}
@incollection{drozdzal2016importance,
  title={The importance of skip connections in biomedical image segmentation},
  author={Drozdzal, Michal and Vorontsov, Eugene and Chartrand, Gabriel and Kadoury, Samuel and Pal, Chris},
  booktitle={Deep Learning and Data Labeling for Medical Applications},
  pages={179--187},
  year={2016},
  publisher={Springer}
}
@inproceedings{kluyver2016jupyter,
  title={Jupyter Notebooks-a publishing format for reproducible computational workflows.},
  author={Kluyver, Thomas and Ragan-Kelley, Benjamin and P{\'e}rez, Fernando and Granger, Brian E and Bussonnier, Matthias and Frederic, Jonathan and Kelley, Kyle and Hamrick, Jessica B and Grout, Jason and Corlay, Sylvain and others},
  booktitle={ELPUB},
  pages={87--90},
  year={2016}
}
@article{ruini2016invisible,
  title={The invisible basal cell carcinoma: how reflectance confocal microscopy improves the diagnostic accuracy of clinically unclear facial macules and papules},
  author={Ruini, C and Hartmann, D and Saral, S and Krammer, S and Ruzicka, T and von Braunm{\"u}hl, T},
  journal={Lasers in medical science},
  volume={31},
  number={8},
  pages={1727--1732},
  year={2016},
  publisher={Springer}
}
@inproceedings{he2016deep,
  title={Deep residual learning for image recognition},
  author={He, Kaiming and Zhang, Xiangyu and Ren, Shaoqing and Sun, Jian},
  booktitle={Proceedings of the IEEE conference on computer vision and pattern recognition},
  pages={770--778},
  year={2016}
}
@inproceedings{shrivastava2017learning,
  title={Learning from simulated and unsupervised images through adversarial training},
  author={Shrivastava, Ashish and Pfister, Tomas and Tuzel, Oncel and Susskind, Joshua and Wang, Wenda and Webb, Russell},
  booktitle={Proceedings of the IEEE conference on computer vision and pattern recognition},
  pages={2107--2116},
  year={2017}
}
@inproceedings{bousmalis2017unsupervised,
  title={Unsupervised pixel-level domain adaptation with generative adversarial networks},
  author={Bousmalis, Konstantinos and Silberman, Nathan and Dohan, David and Erhan, Dumitru and Krishnan, Dilip},
  booktitle={Proceedings of the IEEE conference on computer vision and pattern recognition},
  pages={3722--3731},
  year={2017}
}
@inproceedings{yeh2017semantic,
  title={Semantic image inpainting with deep generative models},
  author={Yeh, Raymond A and Chen, Chen and Yian Lim, Teck and Schwing, Alexander G and Hasegawa-Johnson, Mark and Do, Minh N},
  booktitle={Proceedings of the IEEE Conference on Computer Vision and Pattern Recognition},
  pages={5485--5493},
  year={2017}
}
@inproceedings{quang2017automatic,
  title={Automatic skin lesion analysis towards melanoma detection},
  author={Quang, Nguyen Hong and others},
  booktitle={2017 21st Asia Pacific Symposium on Intelligent and Evolutionary Systems (IES)},
  pages={106--111},
  year={2017},
  organization={IEEE}
}
@article{yuan2017improving,
  title={Improving dermoscopic image segmentation with enhanced convolutional-deconvolutional networks},
  author={Yuan, Yading and Lo, Yeh-Chi},
  journal={IEEE journal of biomedical and health informatics},
  volume={23},
  number={2},
  pages={519--526},
  year={2017},
  publisher={IEEE}
}
@article{yuan2017automatic,
  title={Automatic skin lesion segmentation using deep fully convolutional networks with jaccard distance},
  author={Yuan, Yading and Chao, Ming and Lo, Yeh-Chi},
  journal={IEEE transactions on medical imaging},
  volume={36},
  number={9},
  pages={1876--1886},
  year={2017},
  publisher={IEEE}
}
@article{bi2017dermoscopic,
  title={Dermoscopic image segmentation via multistage fully convolutional networks},
  author={Bi, Lei and Kim, Jinman and Ahn, Euijoon and Kumar, Ashnil and Fulham, Michael and Feng, Dagan},
  journal={IEEE Transactions on Biomedical Engineering},
  volume={64},
  number={9},
  pages={2065--2074},
  year={2017},
  publisher={IEEE}
}

@inproceedings{lin2017skin,
  title={Skin lesion segmentation: U-nets versus clustering},
  author={Lin, Bill S and Michael, Kevin and Kalra, Shivam and Tizhoosh, Hamid R},
  booktitle={2017 IEEE Symposium Series on Computational Intelligence (SSCI)},
  pages={1--7},
  year={2017},
  organization={IEEE}
}
@article{badrinarayanan2017segnet,
  title={Segnet: A deep convolutional encoder-decoder architecture for image segmentation},
  author={Badrinarayanan, Vijay and Kendall, Alex and Cipolla, Roberto},
  journal={IEEE transactions on pattern analysis and machine intelligence},
  volume={39},
  number={12},
  pages={2481--2495},
  year={2017},
  publisher={IEEE}
}
@article{yuan2017automatic2,
  title={Automatic skin lesion segmentation with fully convolutional-deconvolutional networks},
  author={Yuan, Yading},
  journal={arXiv preprint arXiv:1703.05165},
  year={2017}
}
@inproceedings{sabour2017dynamic,
  title={Dynamic routing between capsules},
  author={Sabour, Sara and Frosst, Nicholas and Hinton, Geoffrey E},
  booktitle={Advances in neural information processing systems},
  pages={3856--3866},
  year={2017}
}
@inproceedings{delgado20182017,
  title={2017 IEEE Symposium Series on Computational Intelligence, SSCI 2017-Proceedings},
  author={Delgado, Leonardo and Hernandez, Gerardo and Zamora, Erik and Sossa, Humberto and Barreto, Aldrin and Ramos, Francisco and Reyes, Rosalina},
  booktitle={conference},
  year={2018}
}
@inproceedings{codella2018skin,
  title={Skin lesion analysis toward melanoma detection: A challenge at the 2017 international symposium on biomedical imaging (isbi), hosted by the international skin imaging collaboration (isic)},
  author={Codella, Noel CF and Gutman, David and Celebi, M Emre and Helba, Brian and Marchetti, Michael A and Dusza, Stephen W and Kalloo, Aadi and Liopyris, Konstantinos and Mishra, Nabin and Kittler, Harald and others},
  booktitle={2018 IEEE 15th International Symposium on Biomedical Imaging (ISBI 2018)},
  pages={168--172},
  year={2018},
  organization={IEEE}
}
@article{yu2018melanoma,
  title={Melanoma recognition in dermoscopy images via aggregated deep convolutional features},
  author={Yu, Zhen and Jiang, Xudong and Zhou, Feng and Qin, Jing and Ni, Dong and Chen, Siping and Lei, Baiying and Wang, Tianfu},
  journal={IEEE Transactions on Biomedical Engineering},
  volume={66},
  number={4},
  pages={1006--1016},
  year={2018},
  publisher={IEEE}
}
@article{al2018skin,
  title={Skin lesion segmentation in dermoscopy images via deep full resolution convolutional networks},
  author={Al-Masni, Mohammed A and Al-antari, Mugahed A and Choi, Mun-Taek and Han, Seung-Moo and Kim, Tae-Seong},
  journal={Computer methods and programs in biomedicine},
  volume={162},
  pages={221--231},
  year={2018},
  publisher={Elsevier}
}
@inproceedings{xue2018adversarial,
  title={Adversarial learning with multi-scale loss for skin lesion segmentation},
  author={Xue, Yuan and Xu, Tao and Huang, Xiaolei},
  booktitle={2018 IEEE 15th International Symposium on Biomedical Imaging (ISBI 2018)},
  pages={859--863},
  year={2018},
  organization={IEEE}
}
@article{xue2018segan,
  title={Segan: Adversarial network with multi-scale l 1 loss for medical image segmentation},
  author={Xue, Yuan and Xu, Tao and Zhang, Han and Long, L Rodney and Huang, Xiaolei},
  journal={Neuroinformatics},
  volume={16},
  number={3-4},
  pages={383--392},
  year={2018},
  publisher={Springer}
}
@article{yang2018modified,
  title={Modified convolutional neural network based on dropout and the stochastic gradient descent optimizer},
  author={Yang, Jing and Yang, Guanci},
  journal={Algorithms},
  volume={11},
  number={3},
  pages={28},
  year={2018},
  publisher={Multidisciplinary Digital Publishing Institute}
}
@article{chilamkurthy2018deep,
  title={Deep learning algorithms for detection of critical findings in head CT scans: a retrospective study},
  author={Chilamkurthy, Sasank and Ghosh, Rohit and Tanamala, Swetha and Biviji, Mustafa and Campeau, Norbert G and Venugopal, Vasantha Kumar and Mahajan, Vidur and Rao, Pooja and Warier, Prashant},
  journal={The Lancet},
  volume={392},
  number={10162},
  pages={2388--2396},
  year={2018},
  publisher={Elsevier}
}
@article{li2018dense,
  title={Dense deconvolutional network for skin lesion segmentation},
  author={Li, Hang and He, Xinzi and Zhou, Feng and Yu, Zhen and Ni, Dong and Chen, Siping and Wang, Tianfu and Lei, Baiying},
  journal={IEEE journal of biomedical and health informatics},
  volume={23},
  number={2},
  pages={527--537},
  year={2018},
  publisher={IEEE}
}
@incollection{merjulah2019classification,
  title={Classification of Myocardial Ischemia in Delayed Contrast Enhancement Using Machine Learning},
  author={Merjulah, R and Chandra, J},
  booktitle={Intelligent Data Analysis for Biomedical Applications},
  pages={209--235},
  year={2019},
  publisher={Elsevier}
}
@incollection{guo2019neutrosophic,
  title={Neutrosophic sets in dermoscopic medical image segmentation},
  author={Guo, Yanhui and Ashour, Amira S},
  booktitle={Neutrosophic Set in Medical Image Analysis},
  pages={229--243},
  year={2019},
  publisher={Elsevier}
}
@mastersthesis{johansen2019medical,
  title={Medical Image Segmentation: A General U-Net Architecture and Novel Capsule Network Approaches},
  author={Johansen, Jenny Stange and Pedersen, Mathias Aarseth},
  year={2019},
  school={NTNU}
}
@incollection{mohan2019medical,
  title={Medical Imaging With Intelligent Systems: A Review},
  author={Mohan, Geethu and Subashini, M Monica},
  booktitle={Deep Learning and Parallel Computing Environment for Bioengineering Systems},
  pages={53--73},
  year={2019},
  publisher={Elsevier}
}
@article{anjal2019roi,
  title={ROI based Automated Meter Reading System using Python},
  author={Anjal, Sarang and Patil, AB},
  year={2019}
}
@article{peng2019segmentation,
  title={Segmentation of dermoscopy image using adversarial networks},
  author={Peng, Yanjun and Wang, Ning and Wang, Yuanhong and Wang, Meiling},
  journal={Multimedia Tools and Applications},
  volume={78},
  number={8},
  pages={10965--10981},
  year={2019},
  publisher={Springer}
}
@article{ulku2019survey,
  title={A Survey on Deep Learning-based Architectures for Semantic Segmentation on 2D images},
  author={Ulku, Irem and Akagunduz, Erdem},
  journal={arXiv preprint arXiv:1912.10230},
  year={2019}
}
@article{aljanabi2019various,
  author = {Aljanabi, Mohanad and Jumaa, Fadhel and Aftan, Ahmed and Salah, Muhammed and Alkafaji, Sadiq and Alanı, Nadia and Al-Tameemi, Zaid and Al-mamoori, Dalya},
  year = {2019},
  month = {11},
  pages = {},
  title = {Various Types of Skin Tumors Lesion Medical Imaging (STLMI) of Healthy and Unhealthy Moles a Review and Computational of: Segmentation, Classification, Methods and Algorithms Various Types of Skin Tumors Lesion Medical Imaging (STLMI) of Healthy and Unhealthy Moles a Review and Computational of: Segmentation, Classification, Methods and Algorithms},
  journal = {IOP Conference Series Materials Science and Engineering},
  doi = {10.1088/1757-899X/518/5/052014}
}
@article{tschandl2019domain,
  title={Domain-specific classification-pretrained fully convolutional network encoders for skin lesion segmentation},
  author={Tschandl, Philipp and Sinz, Christoph and Kittler, Harald},
  journal={Computers in biology and medicine},
  volume={104},
  pages={111--116},
  year={2019},
  publisher={Elsevier}
}

@article{tu2019dense,
  title={Dense-Residual Network With Adversarial Learning for Skin Lesion Segmentation},
  author={Tu, Wenli and Liu, Xiaoming and Hu, Wei and Pan, Zhifang},
  journal={IEEE Access},
  volume={7},
  pages={77037--77051},
  year={2019},
  publisher={IEEE}
}
@inproceedings{tu2019segmentation,
  title={Segmentation of Lesion in Dermoscopy Images Using Dense-Residual Network with Adversarial Learning},
  author={Tu, Wenli and Liu, Xiaoming and Hu, Wei and Pan, Zhifang and Xu, Xin and Li, Bo},
  booktitle={2019 IEEE International Conference on Image Processing (ICIP)},
  pages={1430--1434},
  year={2019},
  organization={IEEE}
}
@inproceedings{ninh2019skin,
  title={Skin Lesion Segmentation Based on Modification of SegNet Neural Networks},
  author={Ninh, Quoc Cuong and Tran, Thi-Thao and Tran, Tien Thanh and Tran, Thi Anh Xuan and Pham, Van-Truong},
  booktitle={2019 6th NAFOSTED Conference on Information and Computer Science (NICS)},
  pages={575--578},
  year={2019},
  organization={IEEE}
}
@incollection{mirikharaji2019learning,
  title={Learning to segment skin lesions from noisy annotations},
  author={Mirikharaji, Zahra and Yan, Yiqi and Hamarneh, Ghassan},
  booktitle={Domain Adaptation and Representation Transfer and Medical Image Learning with Less Labels and Imperfect Data},
  pages={207--215},
  year={2019},
  publisher={Springer}
}
@article{sarker2019mobilegan,
  title={MobileGAN: Skin Lesion Segmentation Using a Lightweight Generative Adversarial Network},
  author={Sarker, Md and Kamal, Mostafa and Rashwan, Hatem A and Abdel-Nasser, Mohamed and Singh, Vivek Kumar and Banu, Syeda Furruka and Akram, Farhan and Chowdhury, Forhad UH and Choudhury, Kabir Ahmed and Chambon, Sylvie and others},
  journal={arXiv preprint arXiv:1907.00856},
  year={2019}
}
@article{zafar2020skin,
  title={Skin Lesion Segmentation from Dermoscopic Images Using Convolutional Neural Network},
  author={Zafar, Kashan and Gilani, Syed Omer and Waris, Asim and Ahmed, Ali and Jamil, Mohsin and Khan, Muhammad Nasir and Sohail Kashif, Amer},
  journal={Sensors},
  volume={20},
  number={6},
  pages={1601},
  year={2020},
  publisher={Multidisciplinary Digital Publishing Institute}
}
@article{lei2020skin,
  title={Skin Lesion Segmentation via Generative Adversarial Networks with Dual Discriminators},
  author={Lei, Baiying and Xia, Zaimin and Jiang, Feng and Jiang, Xudong and Ge, Zongyuan and Xu, Yanwu and Qin, Jing and Chen, Siping and Wang, Tianfu and Wang, Shuqiang},
  journal={Medical Image Analysis},
  pages={101716},
  year={2020},
  publisher={Elsevier}
}
@article{xie2020mutual,
  title={A Mutual Bootstrapping Model for Automated Skin Lesion Segmentation and Classification},
  author={Xie, Yutong and Zhang, Jianpeng and Xia, Yong and Shen, Chunhua},
  journal={IEEE Transactions on Medical Imaging},
  year={2020},
  publisher={IEEE}
}
@article{ibtehaz2020multiresunet,
  title={MultiResUNet: Rethinking the U-Net architecture for multimodal biomedical image segmentation},
  author={Ibtehaz, Nabil and Rahman, M Sohel},
  journal={Neural Networks},
  volume={121},
  pages={74--87},
  year={2020},
  publisher={Elsevier}
}
@article{virtanen2020scipy,
    author = {Pauli Virtanen and Ralf Gommers and Travis E. Oliphant and Matt Haberland and Tyler Reddy and David Cournapeau and Evgeni Burovski and Pearu Peterson and Warren Weckesser and Jonathan Bright and Stefan J. van der Walt and Matthew Brett and Joshua Wilson and K. Jarrod Millman and Nikolay Mayorov and Andrew R. J. Nelson and Eric Jones and Robert Kern and Eric Larson and CJ Carey and Ilhan Polat and Yu Feng and Eric W. Moore and Jake VanderPlas and Denis Laxalde and Josef Perktold and Robert Cimrman and Ian Henriksen and E. A. Quintero and Charles R Harris and Anne M. Archibald and Antonio H. Ribeiro and Fabian Pedregosa and Paul van Mulbregt and SciPy 1.0 Contributors},
    title = {{SciPy 1.0--Fundamental Algorithms for Scientific Computing in Python}},
    year = {2020},
    journal = {Nature Methods},
}
@misc{ChestXRa12online,
author = {},
title = {Chest X-Ray Images (Pneumonia) | Kaggle},
howpublished = {\url{https://www.kaggle.com/paultimothymooney/chest-xray-pneumonia}},
month = {},
year = {},
note = {(Accessed on 06/18/2020)}
}
@misc{Medzcool89online,
author = {},
title = {Medzcool is creating better medicine | Patreon},
howpublished = {\url{https://www.patreon.com/medzcool}},
month = {},
year = {},
note = {(Accessed on 06/18/2020)}
}